@article{aksu2025neighborhood,
  title   = {Neighborhood search with heuristic-based feature selection for click-through rate prediction},
  author  = {Aksu, Dogukan and Toroslu, Ismail Hakki and Davulcu, Hasan},
  journal = {Engineering Applications of Artificial Intelligence},
  volume  = {146},
  pages   = {110261},
  year    = {2025}
}

@article{blei2012probabilistic,
  title   = {Probabilistic topic models},
  author  = {Blei, David M.},
  journal = {Communications of the ACM},
  volume  = {55},
  number  = {4},
  pages   = {77--84},
  year    = {2012}
}

@inproceedings{blei2006dynamic,
  title     = {Dynamic topic models},
  author    = {Blei, David M. and Lafferty, John D.},
  booktitle = {Proceedings of the 23rd International Conference on Machine Learning},
  pages     = {113--120},
  year      = {2006}
}

@article{blei2003latent,
  title   = {Latent dirichlet allocation},
  author  = {Blei, David M. and Ng, Andrew Y. and Jordan, Michael I.},
  journal = {Journal of Machine Learning Research},
  volume  = {3},
  pages   = {993--1022},
  year    = {2003}
}

@inproceedings{bouchacourt2018multi,
  title     = {Multi-level variational autoencoder: Learning disentangled representations from grouped observations},
  author    = {Bouchacourt, Diane and Tomioka, Ryota and Nowozin, Sebastian},
  booktitle = {AAAI'18},
  volume    = {32},
  year      = {2018}
}

@article{burgess2018understanding,
  title   = {Understanding disentangling in beta-VAE},
  author  = {Burgess, Christopher P. and Higgins, Irina and Pal, Arka and Matthey, Loic and Watters, Nick and Desjardins, Guillaume and Lerchner, Alexander},
  journal = {arXiv preprint arXiv:1804.03599},
  year    = {2018}
}

@inproceedings{cao2022disencdr,
  title     = {Disencdr: Learning disentangled representations for cross-domain recommendation},
  author    = {Cao, Jiangxia and Lin, Xixun and Cong, Xin and Ya, Jing and Liu, Tingwen and Wang, Bin},
  booktitle = {SIGIR},
  year      = {2022}
}

@inproceedings{chen2016deep,
  title     = {Deep ctr prediction in display advertising},
  author    = {Chen, Junxuan and Sun, Baigui and Li, Hao and Lu, Hongtao and Hua, Xian-Sheng},
  booktitle = {Proceedings of the 24th ACM International Conference on Multimedia},
  pages     = {811--820},
  year      = {2016}
}

@article{chen2023tbin,
  title   = {TBIN: Modeling Long Textual Behavior Data for CTR Prediction},
  author  = {Chen, Shuwei and Li, Xiang and Dong, Jian and Zhang, Jin and Wang, Yongkang and Wang, Xingxing},
  journal = {arXiv preprint arXiv:2308.08483},
  year    = {2023}
}

@inproceedings{devlin2019bert,
  title     = {Bert: Pre-training of deep bidirectional transformers for language understanding},
  author    = {Devlin, Jacob and Chang, Ming-Wei and Lee, Kenton and Toutanova, Kristina},
  booktitle = {Proceedings of the 2019 Conference of the North American Chapter of the Association for Computational Linguistics: Human Language Technologies, Volume 1 (Long and Short Papers)},
  pages     = {4171--4186},
  year      = {2019}
}

@article{dieng2020topic,
  title   = {Topic modeling in embedding spaces},
  author  = {Dieng, Adji B. and Ruiz, Francisco J. R. and Blei, David M.},
  journal = {Transactions of the Association for Computational Linguistics},
  volume  = {8},
  pages   = {439--453},
  year    = {2020}
}

@article{feng2019deep,
  title   = {Deep session interest network for click-through rate prediction},
  author  = {Feng, Yufei and Lv, Fuyu and Shen, Weichen and Wang, Menghan and Sun, Fei and Zhu, Yu and Yang, Keping},
  journal = {arXiv preprint arXiv:1905.06482},
  year    = {2019}
}

@article{ge2013optimized,
  title   = {Optimized product quantization},
  author  = {Ge, Tiezheng and He, Kaiming and Ke, Qifa and Sun, Jian},
  journal = {IEEE Transactions on Pattern Analysis and Machine Intelligence},
  volume  = {36},
  number  = {4},
  pages   = {744--755},
  year    = {2013}
}

@article{grootendorst2022bertopic,
  title   = {BERTopic: Neural topic modeling with a class-based TF-IDF procedure},
  author  = {Grootendorst, Maarten},
  journal = {arXiv preprint arXiv:2203.05794},
  year    = {2022}
}

@article{guo2017deepfm,
  title   = {DeepFM: a factorization-machine based neural network for CTR prediction},
  author  = {Guo, Huifeng and Tang, Ruiming and Ye, Yunming and Li, Zhenguo and He, Xiuqiang},
  journal = {arXiv preprint arXiv:1703.04247},
  year    = {2017}
}

@inproceedings{guo2021dual,
  title     = {Dual graph enhanced embedding neural network for CTR prediction},
  author    = {Guo, Wei and Su, Rong and Tan, Renhao and Guo, Huifeng and Zhang, Yingxue and Liu, Zhirong and Tang, Ruiming and He, Xiuqiang},
  booktitle = {Proceedings of the 27th ACM SIGKDD Conference on Knowledge Discovery and Data Mining},
  pages     = {496--504},
  year      = {2021}
}

@inproceedings{guo2024embedding,
  title        = {On the Embedding Collapse when Scaling up Recommendation Models},
  author       = {Guo, Xingzhuo and Pan, Junwei and Wang, Ximei and Chen, Baixu and Jiang, Jie and Long, Mingsheng},
  booktitle    = {International Conference on Machine Learning},
  pages        = {16891--16909},
  year         = {2024},
  organization = {PMLR}
}

@inproceedings{guo2022topicvae,
  title     = {Topicvae: Topicaware disentanglement representation learning for enhanced recommendation},
  author    = {Guo, Zhiqiang and Li, Guohui and Li, Jianjun and Chen, Huaicong},
  booktitle = {Proceedings of the 30th ACM International Conference on Multimedia},
  pages     = {511--520},
  year      = {2022}
}

@inproceedings{higgins2017beta,
  title     = {beta-vae: Learning basic visual concepts with a constrained variational framework},
  author    = {Higgins, Irina and Matthey, Loic and Pal, Arka and Burgess, Christopher and Glorot, Xavier and Botvinick, Matthew and Mohamed, Shakir and Lerchner, Alexander},
  booktitle = {ICLR},
  year      = {2017}
}

@inproceedings{hou2023learning,
  title     = {Learning vector-quantized item representation for transferable sequential recommenders},
  author    = {Hou, Yupeng and He, Zhankui and McAuley, Julian and Zhao, Wayne Xin},
  booktitle = {Proceedings of the ACM Web Conference 2023},
  pages     = {1162--1171},
  year      = {2023}
}

@article{jang2016categorical,
  title   = {Categorical reparameterization with gumbel-softmax},
  author  = {Jang, Eric and Gu, Shixiang and Poole, Ben},
  journal = {arXiv preprint arXiv:1611.01144},
  year    = {2016}
}

@article{jin2024unbiased,
  title   = {Unbiased Semantic Representation Learning Based on Causal Disentanglement for Domain Generalization},
  author  = {Jin, Xuanyu and Li, Ni and Kong, Wanzeng and Tang, Jiajia and Yang, Bing},
  journal = {ACM Transactions on Multimedia Computing, Communications and Applications},
  volume  = {20},
  number  = {8},
  pages   = {1--20},
  year    = {2024}
}

@article{kingma2013auto,
  title  = {Auto-encoding variational bayes},
  author = {Kingma, Diederik P. and Welling, Max},
  year   = {2013}
}

@inproceedings{komanduri2022scm,
  title     = {SCM-VAE: Learning Identifiable Causal Representations via Structural Knowledge},
  author    = {Komanduri, Aneesh and Wu, Yongkai and Huang, Wen and Chen, Feng and Wu, Xintao},
  booktitle = {Big Data},
  year      = {2022}
}

@inproceedings{lee2022autoregressive,
  title     = {Autoregressive image generation using residual quantization},
  author    = {Lee, Doyup and Kim, Chiheon and Kim, Saehoon and Cho, Minsu and Han, Wook-Shin},
  booktitle = {Proceedings of the IEEE/CVF Conference on Computer Vision and Pattern Recognition},
  pages     = {11523--11532},
  year      = {2022}
}

@article{li2023ctrl,
  title   = {Ctrl: Connect collaborative and language model for ctr prediction},
  author  = {Li, Xiangyang and Chen, Bo and Hou, Lu and Tang, Ruiming},
  journal = {ACM Transactions on Recommender Systems},
  year    = {2023}
}

@inproceedings{lin2022feature,
  title     = {Feature-aware Diversified Re-ranking with Disentangled Representations for Relevant Recommendation},
  author    = {Lin, Zihan and Wang, Hui and Mao, Jingshu and Zhao, Wayne Xin and Wang, Cheng and Jiang, Peng and Wen, Ji-Rong},
  booktitle = {SIGKDD'22},
  year      = {2022}
}

@inproceedings{liu2020autofis,
  title     = {Autofis: Automatic feature interaction selection in factorization models for click-through rate prediction},
  author    = {Liu, Bin and Zhu, Chenxu and Li, Guilin and Zhang, Weinan and Lai, Jincai and Tang, Ruiming and He, Xiuqiang and Li, Zhenguo and Yu, Yong},
  booktitle = {Proceedings of the 26th ACM SIGKDD International Conference on Knowledge Discovery and Data Mining},
  pages     = {2636--2645},
  year      = {2020}
}

@inproceedings{liu2024multifs,
  title     = {MultiFS: Automated multi-scenario feature selection in deep recommender systems},
  author    = {Liu, Dugang and Yang, Chaohua and Tang, Xing and Wang, Yejing and Lyu, Fuyuan and Luo, Weihong and He, Xiuqiang and Ming, Zhong and Zhao, Xiangyu},
  booktitle = {Proceedings of the 17th ACM International Conference on Web Search and Data Mining},
  pages     = {434--442},
  year      = {2024}
}

@inproceedings{liu2020category,
  title     = {Category-Specific CNN for Visual-aware CTR Prediction at JD.com},
  author    = {Liu, Hu and Lu, Jing and Yang, Hao and Zhao, Xiwei and Xu, Sulong and Peng, Hao and Zhang, Zehua and Niu, Wenjie and Zhu, Xiaokun and Bao, Yongjun and others},
  booktitle = {Proceedings of the 26th ACM SIGKDD International Conference on Knowledge Discovery and Data Mining},
  pages     = {2686--2696},
  year      = {2020}
}

@inproceedings{locatello2019challenging,
  title     = {Challenging common assumptions in the unsupervised learning of disentangled representations},
  author    = {Locatello, Francesco and Bauer, Stefan and Lucic, Mario and Raetsch, Gunnar and Gelly, Sylvain and Sch√∂lkopf, Bernhard and Bachem, Olivier},
  booktitle = {ICML'19},
  year      = {2019}
}

@article{ma2019learning,
  title   = {Learning disentangled representations for recommendation},
  author  = {Ma, Jianxin and Zhou, Chang and Cui, Peng and Yang, Hongxia and Zhu, Wenwu},
  journal = {NeurIPS'19},
  year    = {2019}
}

@inproceedings{ma2020disentangled,
  title     = {Disentangled self-supervision in sequential recommenders},
  author    = {Ma, Jianxin and Zhou, Chang and Yang, Hongxia and Cui, Peng and Wang, Xin and Zhu, Wenwu},
  booktitle = {SIGKDD'20},
  year      = {2020}
}

@inproceedings{ni2019justifying,
  title     = {Justifying recommendations using distantly-labeled reviews and fine-grained aspects},
  author    = {Ni, Jianmo and Li, Jiacheng and McAuley, Julian},
  booktitle = {Proceedings of the 2019 Conference on Empirical Methods in Natural Language Processing and the 9th International Joint Conference on Natural Language Processing (EMNLP-IJCNLP)},
  pages     = {188--197},
  year      = {2019}
}

@article{rajput2023recommender,
  title   = {Recommender systems with generative retrieval},
  author  = {Rajput, Shashank and Mehta, Nikhil and Singh, Anima and Keshavan, Raghunandan Hulikal and Vu, Trung and Heldt, Lukasz and Hong, Lichan and Tay, Yi and Tran, Vinh and Samost, Jonah and others},
  journal = {Advances in Neural Information Processing Systems},
  volume  = {36},
  pages   = {10299--10315},
  year    = {2023}
}

@inproceedings{rendle2010factorization,
  title        = {Factorization machines},
  author       = {Rendle, Steffen},
  booktitle    = {2010 IEEE International Conference on Data Mining},
  pages        = {995--1000},
  year         = {2010},
  organization = {IEEE}
}

@article{shi2024beyond,
  title   = {Beyond KAN: Introducing KarSein for Adaptive High-Order Feature Interaction Modeling in CTR Prediction},
  author  = {Shi, Yunxiao and Xu, Wujiang and Jin, Mingyu and Zhang, Haimin and Wu, Qiang and Zhang, Yongfeng and Xu, Min},
  journal = {arXiv preprint arXiv:2408.08713},
  year    = {2024}
}

@article{song2023temporally,
  title   = {Temporally disentangled representation learning under unknown nonstationarity},
  author  = {Song, Xiangchen and Yao, Weiran and Fan, Yewen and Dong, Xinshuai and Chen, Guangyi and Niebles, Juan Carlos and Xing, Eric and Zhang, Kun},
  journal = {Advances in Neural Information Processing Systems},
  volume  = {36},
  pages   = {8092--8113},
  year    = {2023}
}

@article{srivastava2017autoencoding,
  title   = {Autoencoding variational inference for topic models},
  author  = {Srivastava, Akash and Sutton, Charles},
  journal = {arXiv preprint arXiv:1703.01488},
  year    = {2017}
}

@inproceedings{tian2023eulernet,
  title     = {EulerNet: Adaptive Feature Interaction Learning via Euler's Formula for CTR Prediction},
  author    = {Tian, Zhen and Bai, Ting and Zhao, Wayne Xin and Wen, Ji-Rong and Cao, Zhao},
  booktitle = {Proceedings of the 46th International ACM SIGIR Conference on Research and Development in Information Retrieval},
  pages     = {1376--1385},
  year      = {2023}
}

@article{van2008visualizing,
  title   = {Visualizing data using t-SNE},
  author  = {Van der Maaten, Laurens and Hinton, Geoffrey},
  journal = {Journal of Machine Learning Research},
  year    = {2008}
}

@inproceedings{wang2023progressive,
  title     = {Progressive disentangled representation learning for fine-grained controllable talking head synthesis},
  author    = {Wang, Duomin and Deng, Yu and Yin, Zixin and Shum, Heung-Yeung and Wang, Baoyuan},
  booktitle = {Proceedings of the IEEE/CVF Conference on Computer Vision and Pattern Recognition},
  pages     = {17979--17989},
  year      = {2023}
}

@inproceedings{wang2023bert4ctr,
  title     = {Bert4ctr: An efficient framework to combine pre-trained language model with non-textual features for ctr prediction},
  author    = {Wang, Dong and Salamatian, Kav√© and Xia, Yunqing and Deng, Weiwei and Zhang, Qi},
  booktitle = {Proceedings of the 29th ACM SIGKDD Conference on Knowledge Discovery and Data Mining},
  pages     = {5039--5050},
  year      = {2023}
}

@article{wang2025disentangled,
  title   = {Disentangled World Models: Learning to Transfer Semantic Knowledge from Distracting Videos for Reinforcement Learning},
  author  = {Wang, Qi and Zhang, Zhipeng and Xie, Baao and Jin, Xin and Wang, Yunbo and Wang, Shiyu and Zheng, Liaomo and Yang, Xiaokang and Zeng, Wenjun},
  journal = {arXiv preprint arXiv:2503.08751},
  year    = {2025}
}

@inproceedings{wang2021dcn,
  title     = {Dcn v2: Improved deep and cross network and practical lessons for web-scale learning to rank systems},
  author    = {Wang, Ruoxi and Shivanna, Rakesh and Cheng, Derek and Jain, Sagar and Lin, Dong and Hong, Lichan and Chi, Ed},
  booktitle = {Proceedings of the Web Conference 2021},
  pages     = {1785--1797},
  year      = {2021}
}

@article{wang2023causal,
  title   = {Causal Disentangled Recommendation Against User Preference Shifts},
  author  = {Wang, Wenjie and Lin, Xinyu and Wang, Liuhui and Feng, Fuli and Ma, Yunshan and Chua, Tat-Seng},
  journal = {arXiv preprint},
  year    = {2023}
}

@article{wang2024disentangled,
  title   = {Disentangled representation learning},
  author  = {Wang, Xin and Chen, Hong and Tang, Si'ao and Wu, Zihao and Zhu, Wenwu},
  journal = {IEEE Transactions on Pattern Analysis and Machine Intelligence},
  year    = {2024}
}

@inproceedings{wang2021multimodal,
  title        = {Multimodal disentangled representation for recommendation},
  author       = {Wang, Xin and Chen, Hong and Zhu, Wenwu},
  booktitle    = {ICME'21},
  year         = {2021},
  organization = {IEEE}
}

@inproceedings{wang2020disentangled,
  title     = {Disentangled graph collaborative filtering},
  author    = {Wang, Xiang and Jin, Hongye and Zhang, An and He, Xiangnan and Xu, Tong and Chua, Tat-Seng},
  booktitle = {SIGIR'20},
  year      = {2020}
}

@inproceedings{wong2021improving,
  title        = {Improving conversational recommender system by pretraining billion-scale knowledge graph},
  author       = {Wong, Chi-Man and Feng, Fan and Zhang, Wen and Vong, Chi-Man and Chen, Hui and Zhang, Yichi and He, Peng and Chen, Huan and Zhao, Kun and Chen, Huajun},
  booktitle    = {2021 IEEE 37th International Conference on Data Engineering (ICDE)},
  pages        = {2607--2612},
  year         = {2021},
  organization = {IEEE}
}

@inproceedings{wu2023effective,
  title        = {Effective neural topic modeling with embedding clustering regularization},
  author       = {Wu, Xiaobao and Dong, Xinshuai and Nguyen, Thong Thanh and Luu, Anh Tuan},
  booktitle    = {International Conference on Machine Learning},
  pages        = {37335--37357},
  year         = {2023},
  organization = {PMLR}
}

@article{wu2024fastopic,
  title   = {FASTopic: Pretrained transformer is a fast, adaptive, stable, and transferable topic model},
  author  = {Wu, Xiaobao and Nguyen, Thong and Zhang, Delvin and Wang, William Yang and Luu, Anh Tuan},
  journal = {Advances in Neural Information Processing Systems},
  volume  = {37},
  pages   = {84447--84481},
  year    = {2024}
}

@inproceedings{xu2021multi,
  title     = {Multi-VAE: Learning disentangled view-common and view-peculiar visual representations for multi-view clustering},
  author    = {Xu, Jie and Ren, Yazhou and Tang, Huayi and Pu, Xiaorong and Zhu, Xiaofeng and Zeng, Ming and He, Lifang},
  booktitle = {ICCV'21},
  year      = {2021}
}

@inproceedings{xu2021learning,
  title     = {Learning geometry-disentangled representation for complementary understanding of 3d object point cloud},
  author    = {Xu, Mutian and Zhang, Junhao and Zhou, Zhipeng and Xu, Mingye and Qi, Xiaojuan and Qiao, Yu},
  booktitle = {AAAI'21},
  year      = {2021}
}

@inproceedings{yang2021causalvae,
  title     = {Causalvae: Disentangled representation learning via neural structural causal models},
  author    = {Yang, Mengyue and Liu, Furui and Chen, Zhitang and Shen, Xinwei and Hao, Jianye and Wang, Jun},
  booktitle = {CVPR'21},
  year      = {2021}
}

@article{yang2021towards,
  title   = {Towards building a group-based unsupervised representation disentanglement framework},
  author  = {Yang, Tao and Ren, Xuanchi and Wang, Yuwang and Zeng, Wenjun and Zheng, Nanning},
  journal = {arXiv preprint arXiv:2102.10303},
  year    = {2021}
}

@inproceedings{yang2019learning,
  title     = {Learning compositional, visual and relational representations for CTR prediction in sponsored search},
  author    = {Yang, Xiao and Deng, Tao and Tan, Weihan and Tao, Xutian and Zhang, Junwei and Qin, Shouke and Ding, Zongyao},
  booktitle = {Proceedings of the 28th ACM International Conference on Information and Knowledge Management},
  pages     = {2851--2859},
  year      = {2019}
}

@inproceedings{yu2022boost,
  title        = {Boost ctr prediction for new advertisements via modeling visual content},
  author       = {Yu, Tan and Jin, Zhipeng and Liu, Jie and Yang, Yi and Fei, Hongliang and Li, Ping},
  booktitle    = {2022 IEEE International Conference on Big Data (Big Data)},
  pages        = {2140--2149},
  year         = {2022},
  organization = {IEEE}
}

@article{zhang2024towards,
  title   = {Towards Scalable Semantic Representation for Recommendation},
  author  = {Zhang, Taolin and Pan, Junwei and Wang, Jinpeng and Zha, Yaohua and Dai, Tao and Chen, Bin and Luo, Ruisheng and Deng, Xiaoxiang and Wang, Yuan and Yue, Ming and others},
  journal = {arXiv preprint arXiv:2410.09560},
  year    = {2024}
}

@article{zhao2023disentangled,
  title   = {Disentangled Causal Embedding With Contrastive Learning For Recommender System},
  author  = {Zhao, Weiqi and Tang, Dian and Chen, Xin and Lv, Dawei and Ou, Daoli and Li, Biao and Jiang, Peng and Gai, Kun},
  journal = {arXiv preprint},
  year    = {2023}
}

@inproceedings{zheng2021disentangling,
  title     = {Disentangling user interest and conformity for recommendation with causal embedding},
  author    = {Zheng, Yu and Gao, Chen and Li, Xiang and He, Xiangnan and Li, Yong and Jin, Depeng},
  booktitle = {WWW},
  year      = {2021}
}

@inproceedings{zhou2019deep,
  title     = {Deep interest evolution network for click-through rate prediction},
  author    = {Zhou, Guorui and Mou, Na and Fan, Ying and Pi, Qi and Bian, Weijie and Zhou, Chang and Zhu, Xiaoqiang and Gai, Kun},
  booktitle = {Proceedings of the AAAI Conference on Artificial Intelligence},
  volume    = {33},
  pages     = {5941--5948},
  year      = {2019}
}

@inproceedings{zhou2018deep,
  title     = {Deep interest network for click-through rate prediction},
  author    = {Zhou, Guorui and Zhu, Xiaoqiang and Song, Chenru and Fan, Ying and Zhu, Han and Ma, Xiao and Yan, Yanghui and Jin, Junqi and Li, Han and Gai, Kun},
  booktitle = {Proceedings of the 24th ACM SIGKDD International Conference on Knowledge Discovery and Data Mining},
  pages     = {1059--1068},
  year      = {2018}
}

@inproceedings{zhou2024temporal,
  title     = {Temporal interest network for user response prediction},
  author    = {Zhou, Haolin and Pan, Junwei and Zhou, Xinyi and Chen, Xihua and Jiang, Jie and Gao, Xiaofeng and Chen, Guihai},
  booktitle = {Companion Proceedings of the ACM Web Conference 2024},
  pages     = {413--422},
  year      = {2024}
}